@article{y148btMogHCsnpoe,
  author = {Andy Grant},
  title = {Delivering  on the promise of hybrid multi cloud for HPC},
  urldate = {2022-03-15},
  url = {https://atos.net/wp-content/uploads/2021/10/Hybrid_multi_cloud_HPC_ATOS.pdf},
}

@online{l9RorNxGDyQGAn8I,
  journal = {Atos.net},
  title = {Extreme Factory},
  subtitle = {Innovation at your fingertips},
  urldate = {2022-03-15},
  url = {https://atos.net/en/solutions/high-performance-computing-hpc/bull-extreme-factory},
}

@inproceedings{DXEcYcxi43peqlRb,
  booktitle = {},
  title = {},
  urldate = {2022-03-15},
}

@inproceedings{IN09sfzqoa3sLbg4,
  booktitle = {},
  title = {HPE GreenLake for High Performance Computing brochure},
  urldate = {2022-03-15},
  url = {https://assets.ext.hpe.com/is/content/hpedam/documents/a50001000-1999/a50001688/a50001688enw.pdf},
}

@online{Showalter20200616,
  author = {Steve Showalter},
  journal = {HPE Developer: https://developer.hpe.com/},
  title = {HPE GreenLake Central},
  urldate = {2022-03-15},
  url = {https://developer.hpe.com/blog/hpe-greenlake-for-private-cloud/},
}

@online{ee27bbyhk5LP1Ekm,
  journal = {Wikimedia},
  title = {Spiral model},
  subtitle = {Spiral model (Boehm, 1988)},
  urldate = {2022-03-01},
  url = {https://commons.wikimedia.org/wiki/File:Spiral_model_(Boehm,_1988).svg},
}

@article{GomezMartin2016,
  author = {César Gómez-Martín and Miguel A. Vega-Rodríguez and José-Luis González-Sánchez},
  journal = {Journal of Parallel and Distributed Computing},
  title = {Fattened backfilling: An improved strategy for job scheduling in parallel systems},
  year = {2016},
  pages = {69-77},
  issn = {0743-7315},
  urldate = {2022-03-04},
  doi = {10.1016/j.jpdc.2016.06.013},
  url = {https://doi.org/10.1016/j.jpdc.2016.06.013},
}

@incollection{Padua2011,
  author = {David Padua and Martin Schulz},
  booktitle = {Encyclopedia of Parallel Computing},
  title = {Checkpointing},
  publisher = {Springer US},
  address = {Boston, MA},
  year = {2011},
  pages = {264-273},
  isbn = {978-0-387-09766-4},
  doi = {10.1007/978-0-387-09766-4_62},
  url = {http://link.springer.com/10.1007/978-0-387-09766-4_62},
}

@online{Wiggers20220120,
  author = {Kyle Wiggers},
  journal = {VentureBeat},
  title = {What is HPC-as-a-service and why does it matter?},
  urldate = {2022-03-10},
  url = {https://venturebeat.com/2022/01/20/what-is-hpc-as-a-service-and-why-does-it-matter/},
}

@online{Rand20201203,
  author = {David Rand},
  journal = {Hewlett Packard Enterprise},
  title = {HPC as a service},
  subtitle = {High-performance computing when you need it},
  urldate = {2022-03-10},
  url = {https://www.hpe.com/us/en/insights/articles/hpc-as-a-service-high-performance-computing-2012.html},
}

@book{Mitchell2015,
  author = {Jamie L. Mitchell and Rex Black and Michael Barabas},
  title = {Advanced Software Testing - Vol. 3},
  publisher = {Rocky Nook},
  address = {USA},
  year = {2015},
  edition = {2nd Edition},
  isbn = {9781457189104},
}

@online{cGNjWevJUlEHf7YF,
  journal = {Automation Consultants},
  title = {Continuous Integration with Bamboo},
  urldate = {2022-03-04},
  url = {https://www.automation-consultants.com/continuous-integration-2/},
}

@online{Ued4tuEOQL0cOIeN,
  journal = {Docker Docs},
  title = {Docker overview},
  urldate = {2022-03-04},
  url = {https://docs.docker.com/get-started/overview/},
}

@inproceedings{pr00bfp79qnvRTQ3,
  author = {Yuping Fan},
  booktitle = {},
  title = {Job Scheduling in High Performance Computing},
  subtitle = {Illinois Institute of Technology},
  urldate = {2022-03-04},
  url = {https://arxiv.org/pdf/2109.09269.pdf},
}

@online{GqNaOav5DExhzgW6,
  journal = {Wikipedia: the free encyclopedia},
  title = {RSA},
  urldate = {2022-03-04},
  url = {https://cs.wikipedia.org/wiki/RSA},
}

@online{UUBpn6UTaV8mOipc,
  journal = {Wikipedia: the free encyclopedia},
  title = {Denial of service},
  urldate = {2022-03-02},
  url = {https://cs.wikipedia.org/wiki/Denial_of_service},
}

@online{K35ZsSqAfq3Ec1XJ,
  journal = {Wikipedia: the free encyclopedia},
  title = {Smoke test},
  urldate = {2022-03-01},
  url = {https://cs.wikipedia.org/wiki/Smoke_test},
}

@online{UDdvJfGpGdOGQs2a,
  title = {Robot Framework},
  urldate = {2022-01-19},
  url = {https://robotframework.org/},
}

@book{Patton2002,
  author = {Ron Patton},
  title = {Testování softwaru},
  publisher = {Computer Press},
  address = {Praha},
  year = {2002},
  isbn = {80-722-6636-5},
}

@online{85SxcMZY6LKfV8v4,
  journal = {National Geographic},
  title = {Sep 9, 1947 CE: World’s First Computer Bug},
  urldate = {2022-03-01},
  url = {https://www.nationalgeographic.org/thisday/sep9/worlds-first-computer-bug/},
}

@online{lJoeVuQg92zsjaAe,
  journal = {Json.org},
  title = {Json},
  urldate = {2022-03-01},
  url = {https://www.json.org/json-en.html},
}

@online{uEN4MdNhBpkZmkHF,
  journal = {It-slovnik.cz},
  title = {Co je to parser?},
  urldate = {2022-03-01},
  url = {https://it-slovnik.cz/pojem/parser},
}

@online{qibOqajDMnKYNjXq,
  title = {Jq},
  urldate = {2022-01-12},
  url = {https://stedolan.github.io/jq/},
}

@online{OvBwjLleECKerU0E,
  journal = {Wikipedia: the free encyclopedia},
  title = {Deadlock},
  urldate = {2022-03-01},
  url = {https://cs.wikipedia.org/wiki/Deadlock\#/media/Soubor:Process_deadlock.svg},
}

@online{iR8VZfeCCZ757gs1,
  journal = {Bioinformatics.mdc-berlin.de},
  title = {How to submit a job using qsub},
  urldate = {2022-03-01},
  url = {https://bioinformatics.mdc-berlin.de/intro2UnixandSGE/sun_grid_engine_for_beginners/how_to_submit_a_job_using_qsub.html},
}

@online{uG7wIvjQiIli6kO9,
  journal = {It4i.cz},
  title = {NAŠE VÝZKUMNÉ AKTIVITY},
  subtitle = {HPC PLATFORMY PRO SPOUŠTĚNÍ VĚDECKÝCH ÚLOH},
  urldate = {2022-03-01},
  url = {https://www.it4i.cz/vyzkum/nase-vyzkumne-aktivity},
}

@online{W94NKRaxvG2L2A1W,
  journal = {HPC Wiki},
  title = {Scheduling Basics},
  urldate = {2022-03-01},
  url = {https://hpc-wiki.info/hpc/Scheduling_Basics},
}

@online{iqgLoV1cXM0Qb6t1,
  journal = {Top500.org},
  title = {TOP500 LIST - NOVEMBER 2021},
  urldate = {2022-03-01},
  url = {https://www.top500.org/lists/top500/list/2021/11/},
}

@online{oviOzaWRPKlKSq7K,
  journal = {It4i.cz},
  title = {KAROLINA},
  urldate = {2022-03-01},
  url = {https://www.it4i.cz/infrastruktura/karolina},
}

@online{B2TvJy8L3mSIxfWp,
  journal = {Top500.org},
  title = {NOVEMBER 2021},
  urldate = {2022-03-01},
  url = {https://www.top500.org/lists/top500/2021/11/},
}

@online{Hosch20191128,
  author = {William L. Hosch},
  journal = {Britannica.com},
  title = {Supercomputer},
  urldate = {2022-03-01},
  url = {https://www.britannica.com/technology/supercomputer},
}

@online{Tronner20150626,
  author = {Pavel Tronner},
  journal = {Živě.cz},
  title = {Seymour Cray},
  subtitle = {Stavitel superpočítačů},
  urldate = {2022-03-01},
  url = {https://www.zive.cz/clanky/seymour-cray-stavitel-superpocitacu/sc-3-a-178330/default.aspx},
}

@online{E1JpczXW0qh9e98N,
  journal = {Lemelson.mit.edu},
  title = {SEYMOUR CRAY},
  subtitle = {The Supercomputer},
  urldate = {2022-03-01},
  url = {https://lemelson.mit.edu/resources/seymour-cray},
}

